2054 3391
476 191 635 235 Paoci'zs
666 205 723 235 DE
754 205 1108 236 CONDAMNATION
1143 207 1198 236 DE
1228 207 1394 248 JEANNE
1430 194 1556 238 D'ARC
1777 212 1828 252 71

189 317 409 363 opportun
434 303 486 348 de
514 303 551 347 16
575 303 693 355 faire,
715 304 799 348 afin
822 321 907 363 que
930 304 1074 349 lesdits
1102 304 1301 349 docteurs
1322 318 1362 349 et
1390 320 1556 363 experts
1585 321 1759 365 pussent
1784 326 1835 353 en

188 386 398 432 deliberet
419 399 460 431 et
479 386 624 431 bailler
650 387 762 431 leurs
784 389 990 446 opinions
1021 400 1061 432 et
1082 388 1281 432 conseils.
1304 390 1428 433 Nous
1451 389 1542 433 leur
1565 389 1703 434 dimes
1731 392 1840 436 alors

188 470 313 530 qu'ils
343 484 517 515 eussent
549 470 623 514 des
656 472 930 515 maintenant
962 475 983 515 ἐι
1011 471 1178 516 etudier
1201 484 1241 516 et
1273 476 1296 516 ὲ.
1331 474 1424 516 voir
1453 472 1556 517 chez
1581 490 1679 527 eux,
1709 490 1782 518 sur
1803 475 1839 519 la

189 555 364 598 matiere
382 566 426 599 et
451 570 524 598 sur
548 570 594 598 ce
622 553 750 613 qu’ils
767 556 934 599 avaient
959 554 1052 613 dejii
1082 555 1276 600 entendu
1298 554 1355 599 du
1385 550 1548 614 proces,
1576 573 1620 600 ce
1649 559 1723 615 qui
1747 558 1839 602 leur

187 636 434 682 semblerait
459 641 482 681 ὲ
512 637 630 690 faire,
659 650 700 681 et
724 637 853 696 qu'ils
880 651 1057 696 pussent
1083 655 1135 683 en
1156 638 1309 683 re'fe'rer
1330 644 1352 683 ἐι
1376 655 1488 684 nous
1509 656 1566 684 ou
1594 645 1615 683 ἐι
1647 657 1726 685 nos
1761 640 1838 685 de'-

190 724 313 780 putes
349 733 390 765 et
423 722 625 775 commis,
656 736 713 765 ou
748 737 976 766 conserver
1002 727 1023 765 ἐι
1055 735 1144 780 part
1167 738 1249 766 eux
1276 723 1389 767 leurs
1413 724 1633 781 opinions,
1662 736 1719 778 et,
1744 740 1840 779 nia-

189 808 410 849 turement
445 816 485 848 et
512 803 819 857 salubrement,
849 821 902 848 en
925 804 1133 849 deliberes
1168 823 1221 850 en
1251 806 1337 850 lieu
1364 819 1405 850 et
1433 819 1573 866 temps
1600 819 1839 865 opportuns

189 900 232 932 et
261 904 371 932 nous
395 887 564 933 donner
590 888 682 932 leur
709 889 908 946 opinion.
933 890 1057 932 Nous
1090 905 1224 933 avons
1255 888 1440 934 defendu
1473 890 1590 934 enfin
1618 892 1639 934 ὸ.
1674 903 1771 934 tous
1797 902 1839 934 et

190 974 212 1016 ἐι
244 971 409 1016 chacun
438 970 511 1016 des
534 987 764 1015 assesseurs
791 970 843 1015 de
862 971 1089 1030 s'eloigner
1114 971 1165 1016 de
1192 985 1301 1017 cette
1324 974 1406 1018 cite
1439 973 1491 1018 de
1524 975 1678 1018 Rouen
1711 986 1840 1019 avant

190 1055 228 1100 la
257 1055 317 1099 fin
351 1054 409 1100 du
438 1059 584 1114 proces
617 1067 660 1099 et
691 1071 788 1099 sans
815 1066 940 1100 notre
967 1060 1118 1114 conge.

399 1270 463 1297 ΠΝ
494 1270 544 1296 DE
577 1271 623 1300 LA
654 1263 849 1297 PREMIERE
879 1270 1021 1298 PARTIE
1052 1270 1122 1297 DEs
1153 1264 1320 1299 sEANCEs
1351 1268 1633 1304 PUBLIQUES273

912 1343 980 1380 4-9
1009 1341 1111 1369 MARS

250 1475 359 1519 Item
395 1475 433 1518 16
463 1473 694 1518 dimanche
727 1475 915 1528 suivant,
946 1475 1187 1533 quatrieme
1215 1476 1312 1532 jour
1340 1474 1398 1518 du
1423 1475 1485 1519 dit
1520 1477 1630 1520 mois
1653 1475 1703 1520 de
1728 1491 1840 1520 mars

190 1571 232 1604 et
275 1559 334 1603 les
378 1570 520 1603 autres
562 1559 681 1616 jours
728 1559 938 1609 suivants,
977 1557 1116 1612 lundi,
1156 1557 1308 1610 mardi,
1353 1559 1578 1614 mercredi,
1634 1559 1751 1617 jeudi
1801 1572 1843 1604 et

191 1641 416 1697 vendredi,
450 1658 578 1696 nous,
612 1644 776 1700 e'veque
809 1640 961 1695 susdit‚
1008 1643 1334 1701 convoquiimes
1375 1642 1480 1687 dans
1514 1656 1636 1687 notre
1673 1644 1841 1687 maison

192 1725 477 1771 d'habitation
513 1728 534 1769 ἐι
572 1726 728 1770 Rouen
785 1725 997 1783 plusieurs
1037 1725 1238 1770 docteurs
1288 1725 1522 1777 solennels,
1575 1728 1745 1771 maitres
1797 1739 1838 1771 et

189 1827 294 1869 gens
320 1813 460 1854 verse's
484 1826 537 1854 en
564 1808 679 1853 droit
702 1825 843 1853 canon
871 1822 912 1853 et
937 1808 1051 1854 civil.
1079 1811 1203 1854 Nous
1227 1809 1350 1853 fimes
1374 1810 1551 1868 colliges
1577 1823 1673 1855 tout
1697 1826 1743 1854 66
1768 1812 1842 1869 qui

191 1895 303 1939 avait
327 1897 393 1938 ete
430 1892 622 1938 confesse
658 1892 1003 1949 judiciairement
1031 1905 1072 1937 et
1096 1892 1293 1952 re'pondu
1328 1909 1401 1952 par
1434 1893 1561 1938 ladite
1594 1895 1773 1950 Jeanne,
1800 1907 1842 1938 et

189 1979 302 2023 aussi
329 1977 432 2021 faire
455 1993 516 2021 un
544 1978 696 2021 extrait
720 1976 792 2021 des
819 1978 964 2035 points
982 1977 1190 2035 auxquels
1211 1977 1291 2021 elle
1318 1979 1429 2021 avait
1457 1977 1651 2036 repondu
1674 1977 1843 2022 insuffi-

191 2074 407 2106 samment
428 2074 470 2105 et
493 2077 567 2105 sur
589 2061 774 2119 lesquels
798 2060 827 2104 il
855 2061 1053 2105 semblait
1080 2061 1236 2119 qu'elle
1257 2060 1334 2105 ὀύ(
1358 2064 1445 2106 etse
1472 2062 1711 2119 interrogee
1735 2062 1843 2106 ulte'-

191 2146 471 2190 rieurement.
501 2146 674 2203 D'apres
695 2161 762 2189 ces
789 2144 969 2189 recueils
997 2158 1038 2189 et
1056 2146 1229 2189 extraits
1252 2144 1557 2203 diligemment
1583 2144 1748 2199 etablis,
1769 2161 1844 2190 sur

192 2228 230 2272 16
257 2228 419 2272 conseil
445 2241 486 2272 et
510 2227 792 2282 deliberation
824 2227 876 2273 de
900 2244 967 2272 ces
995 2228 1197 2272 hommes
1230 2241 1411 2287 expert5‚
1441 2244 1551 2272 nous
1575 2244 1710 2272 avons
1741 2245 1843 2273 con-

192 2313 261 2357 clu
279 2312 386 2371 qu'il
409 2313 536 2357 serait
556 2311 739 2371 procede
755 2315 777 2355 zi
792 2329 851 2356 un
870 2313 1199 2370 interrogatoire
1219 2312 1424 2356 ulte'rieur
1445 2311 1496 2356 de
1518 2311 1646 2356 ladite
1662 2313 1840 2368 jeanne.

192 2396 244 2440 Et
270 2395 452 2440 attendu
481 2412 561 2440 nos
581 2395 768 2440 diverses
792 2398 1086 2454 occupations,
1109 2412 1282 2440 comme
1304 2412 1415 2440 nous
1439 2411 1491 2439 ne
1513 2396 1729 2453 pouvions
1750 2408 1846 2439 tou-

191 2481 309 2537 jours
339 2496 501 2538 vaquer
527 2479 868 2524 exclusivement
894 2496 976 2524 aux
1006 2480 1355 2537 interrogatoires
1382 2481 1457 2537 qui
1494 2480 1654 2523 etaient
1678 2483 1700 2523 ὲ
1723 2478 1842 2533 faire,

193 2579 304 2607 nous
332 2579 467 2607 avons
492 2563 671 2622 delegue
692 2562 919 2607 venerable
946 2575 987 2606 et
1015 2563 1193 2607 discrete
1225 2579 1454 2622 personne,
1485 2564 1635 2606 malitie
1661 2564 1763 2618 Jean
1793 2561 1847 2605 de

193 2647 250 2690 La
275 2648 502 2701 Fontaine,
540 2649 691 2692 maitre
728 2651 771 2691 es
800 2660 883 2691 arts
916 2659 957 2691 et
987 2647 1164 2691 licencie
1200 2663 1252 2691 en
1293 2646 1408 2691 droit
1441 2662 1600 2700 canon,
1638 2645 1848 2690 ci-dessus

195 2732 391 2784 nomme,
434 2747 545 2789 pour
592 2730 831 2789 interroger
870 2729 1214 2788 judiciairement
1266 2730 1394 2774 ladite
1432 2731 1594 2786 Jeanne
1645 2733 1667 2774 a
1722 2742 1845 2774 notre

196 2813 310 2871 place
334 2832 345 2869 3
370 2826 412 2858 et
444 2830 555 2859 nous
579 2814 745 2859 l’avons
773 2816 958 2859 commis
988 2817 1010 2857 ἐι
1040 2830 1085 2858 66
1110 2814 1210 2858 faire
1232 2814 1269 2858 le
1297 2812 1500 2857 vendredi
1535 2828 1558 2869 9
1591 2829 1717 2866 mars,
1748 2815 1844 2871 pre-

194 2910 309 2940 sents
329 2897 388 2941 les
416 2897 613 2942 docteurs
643 2911 684 2942 et
723 2900 895 2942 mames
915 2898 1018 2953 Jean
1057 2898 1286 2955 Beaupere,
1319 2898 1499 2954 Jacques
1533 2896 1583 2939 de
1603 2895 1839 2945 Touraine,

196 2980 370 3025 Nicolas
400 2980 525 3035 Midi,
556 2982 695 3025 Pierre
720 2982 924 3032 Maurice,
949 2980 1144 3024 Thomas
1172 2979 1222 3024 de
1257 2979 1521 3033 Courcelles,
1548 2978 1720 3023 Nicolas
1746 2979 1842 3022 Loi-

199 3063 354 3118 selem,
384 3064 635 3110 Guillaume
659 3064 879 3109 Manchon
908 3063 1114 3109 ci-dessus
1140 3067 1355 3108 nommes.
