2054 3391
218 171 303 220 302
499 157 660 207 Pnocizs
694 172 750 206 ns
783 168 1137 206 coNDAMNATmN
1171 169 1228 205 DE
1258 167 1426 217 J'EANNE
1457 153 1586 205 D⁹ARC

280 276 438 335 Nous,
471 288 617 339 ayant
644 275 823 323 devant
856 274 924 323 les
955 291 1082 337 yeux
1109 273 1152 322 16
1180 271 1346 324 Christ
1367 286 1414 322 et
1440 273 1706 323 l'honneur
1732 273 1790 323 de
1822 269 1867 324 la

214 368 283 415 foi
314 367 604 424 orthodoxe,
637 366 734 413 afin
766 382 860 428 que
890 376 1030 412 notre
1065 365 1325 429 jugement
1357 365 1544 413 semble
1582 369 1780 413 emanet
1807 364 1864 412 de

215 456 259 504 la
281 458 381 504 face
401 457 466 504 du
498 446 751 520 Seigneur,
783 471 913 502 nous
932 471 1087 502 avons
1119 454 1191 501 dit
1219 466 1266 502 et
1296 455 1483 503 decrete
1512 471 1608 518 que
1636 466 1690 504 tu
1719 471 1770 503 as
1792 458 1866 502 ete

216 558 471 593 montense
498 563 559 593 en
578 545 827 593 simulant
854 556 926 591 tes
959 544 1253 592 revelations
1288 556 1334 592 et
1363 546 1682 612 apparitions,
1713 547 1868 609 perni-

214 638 390 692 cieuse,
430 636 714 691 seductrice,
754 638 1182 698 presomptueuse‚
1219 646 1327 698 trop
1356 634 1567 693 credule,
1597 637 1865 692 temeraire,

215 727 605 789 supersfflieuse,
636 724 959 781 devineresse,
994 724 1401 789 blasphematrice
1431 740 1602 772 envers
1621 727 1766 781 Dieu,
1797 725 1866 773 les

214 817 367 863 saints
397 827 442 862 et
464 816 531 862 les
549 816 748 872 saintes,
764 816 1119 878 contemptrice
1143 814 1201 862 de
1216 816 1344 862 Dieu
1370 831 1430 862 en
1453 831 1529 862 ses
1550 798 1866 872 sac—rements,

212 907 580 969 prevaricatrice
618 905 676 952 de
710 905 756 952 la
786 904 1008 952 doctrine
1038 908 1196 952 sacree
1228 916 1275 952 et
1309 905 1394 952 des
1429 906 1682 952 sanctions
1716 905 1866 952 eccle-

211 997 489 1059 siastiques,
519 995 801 1053 seditieuse,
823 995 1020 1051 cruelle,
1050 1007 1286 1059 apostate,
1307 994 1681 1059 schismatique,
1709 1007 1870 1042 errant

214 1086 471 1150 beaucoup
510 1103 569 1133 en
606 1097 746 1133 notre
789 1086 875 1142 foi,
905 1097 952 1133 et
983 1102 1078 1149 que
1106 1097 1161 1133 tu
1202 1102 1253 1133 as
1280 1087 1678 1133 temerairement
1717 1085 1869 1133 delin-

214 1180 308 1239 que
340 1193 510 1224 envers
539 1177 667 1224 Dieu
696 1187 743 1223 et
769 1175 926 1223 sainte
948 1166 1124 1239 Eglise,
1158 1192 1242 1239 par
1271 1175 1341 1223 les
1370 1177 1611 1223 manieres
1639 1175 1866 1223 susdites.

215 1266 520 1330 Cependant,
557 1267 669 1314 bien
713 1283 810 1330 que
848 1266 1060 1314 dument
1111 1277 1156 1313 et
1214 1266 1602 1324 suffisam‘ment,
1637 1277 1744 1314 tant
1787 1282 1870 1330 par

214 1374 342 1405 nous
380 1374 475 1421 que
504 1357 561 1404 de
595 1369 734 1404 notre
762 1368 880 1421 part,
911 1368 964 1405 tu
994 1357 1092 1404 aies
1119 1359 1209 1413 e'te,
1236 1368 1450 1404 souvent
1475 1369 1521 1404 et
1549 1356 1675 1420 plus,
1702 1356 1869 1403 admo·

214 1451 377 1495 nestee
434 1464 517 1512 par
572 1449 779 1495 certains
827 1451 1024 1495 maitres
1073 1458 1119 1494 et
1161 1447 1391 1495 docteurs
1434 1447 1776 1510 scientifiques
1822 1457 1868 1494 et

213 1550 417 1602 experts,
450 1538 577 1585 zeles
612 1554 738 1602 pour
775 1538 817 1584 16
859 1537 989 1585 salut
1031 1537 1089 1585 de
1136 1549 1223 1585 ton
1263 1541 1389 1595 ame,
1419 1537 1477 1585 de
1514 1537 1714 1585 vouloir
1754 1537 1865 1584 bien

212 1628 496 1684 t’amender,
528 1629 586 1675 de
614 1639 659 1675 te
692 1629 917 1692 corriges,
950 1628 1007 1676 de
1037 1640 1082 1675 te
1114 1640 1386 1676 soumettre
1418 1631 1443 1675 a
1477 1627 1521 1675 la
1552 1627 1867 1692 disposition,

212 1715 598 1763 determination
631 1727 676 1763 et
701 1715 1020 1763 emendation
1046 1715 1104 1763 de
1127 1717 1284 1763 sainte
1308 1718 1437 1763 mere
1459 1704 1638 1779 Eglise,
1662 1726 1715 1763 tu
1745 1731 1806 1763 ne
1825 1714 1867 1762 16

210 1804 399 1853 voulus
431 1822 515 1869 pas
538 1816 583 1852 et
615 1805 728 1852 n'en
754 1806 851 1869 pris
883 1821 1008 1853 cure.
1039 1805 1159 1852 Bien
1188 1804 1315 1868 plus,
1343 1804 1461 1852 d'un
1488 1820 1624 1852 coeur
1649 1804 1867 1861 endurci,

213 1895 557 1944 obstinement
585 1907 631 1943 et
652 1897 1054 1960 opiniatrement,
1084 1907 1139 1943 tu
1171 1912 1221 1943 as
1258 1895 1329 1943 dit
1356 1912 1452 1959 que
1483 1906 1537 1944 tu
1570 1912 1629 1942 ne
1652 1895 1695 1942 le
1726 1895 1868 1942 ferais

211 2003 310 2050 pas,
354 1998 399 2033 et
428 1989 792 2050 expressement
829 1997 875 2033 et
905 1989 930 2033 a
971 1986 1184 2033 diverses
1216 1986 1326 2044 fois,
1365 1996 1420 2033 tu
1455 2002 1504 2032 as
1536 1986 1695 2033 refuse
1736 1985 1794 2032 de
1822 1996 1867 2032 te

213 2088 486 2124 soumettre
533 2079 558 2124 a
596 2088 735 2123 notre
775 2077 1057 2124 Saint—Pere
1092 2076 1134 2124 le
1160 2080 1292 2140 vpape
1329 2087 1374 2123 et
1414 2092 1475 2123 au
1517 2076 1646 2123 saint
1679 2074 1868 2123 concile

213 2166 426 2230 general.

287 2257 415 2304 C'est
447 2258 697 2321 pourquoi
724 2274 853 2305 nous
878 2268 923 2304 te
956 2256 1212 2304 declarons
1241 2256 1299 2304 de
1325 2256 1453 2304 droit
1488 2257 1868 2304 excommuniee

214 2358 260 2394 et
277 2347 547 2410 heretique,
560 2364 619 2395 en
638 2359 743 2395 tant
753 2348 1064 2411 qu'obstinee
1081 2358 1126 2394 et
1143 2348 1385 2410 opiniatre
1405 2347 1526 2395 dans
1542 2363 1620 2394 ces
1635 2346 1779 2394 delits
1796 2347 1868 2404 ⁶45,

214 2440 351 2485 exces
392 2449 438 2484 et
479 2454 697 2495 erreurs;
738 2450 785 2485 et
826 2455 956 2486 nous
998 2454 1320 2502 prononcons
1374 2437 1492 2500 qu'il
1531 2438 1764 2484 convient
1809 2436 1868 2484 de

213 2528 573 2576 t'abandonner
618 2532 643 2575 a
694 2528 737 2575 la
782 2529 957 2593 justice
999 2528 1248 2583 seculiere,
1287 2544 1484 2575 comme
1538 2527 1759 2574 membre
1809 2526 1867 2574 de

217 2618 378 2676 Satan,
406 2618 659 2666 retranche
685 2618 742 2666 de
771 2608 980 2683 l’Eglise,
1019 2618 1197 2665 infecte
1229 2618 1287 2665 de
1321 2617 1365 2665 la
1398 2618 1527 2681 lepre
1551 2616 1799 2673 d'heresie‚
1823 2628 1870 2664 et

214 2723 344 2754 nous
373 2707 435 2769 t'y
475 2706 688 2754 laissons
728 2724 735 2754 :
777 2707 938 2770 priant
971 2706 1212 2755 toutefois
1250 2716 1372 2753 cette
1402 2706 1663 2770 puissance
1692 2703 1867 2768 qu'elle

210 2796 394 2844 veuille
422 2797 536 2844 bien
561 2797 787 2844 moderer
814 2813 985 2845 envers
1013 2798 1083 2844 toi
1113 2813 1203 2844 son
1230 2797 1503 2861 jugement,
1527 2811 1587 2842 en
1610 2794 1725 2853 deca
1747 2794 1869 2842 dela

220 2899 348 2934 mort
372 2899 416 2934 et
445 2887 502 2935 de
532 2887 575 2934 la
601 2887 889 2935 mutilation
912 2887 996 2935 des
1021 2887 1298 2944 membres;
1328 2898 1374 2934 et
1405 2887 1444 2934 si
1477 2885 1535 2933 de
1556 2886 1683 2933 vrais
1702 2886 1868 2949 signes

221 2977 276 3024 de
308 2979 519 3041 repentis
544 2978 879 3042 apparaissent
915 2995 976 3026 en
1007 2978 1093 3035 toi,
1126 2994 1222 3041 que
1262 2976 1306 3024 le
1336 2987 1610 3025 sacrement
1643 2975 1700 3023 de
1737 2976 1869 3039 peni-

220 3078 357 3115 tence
389 3079 434 3115 te
466 3069 562 3115 soit
587 3068 889 3116 administre.
