2054 3391
468 124 625 178 {moesis
659 145 716 178 DE
749 139 1102 180 CONDAM'NATtoN
1136 139 1192 179 DE
1224 146 1390 191 JEANNE
1422 128 1551 179 rsAnc
1744 141 1822 192 271

189 243 410 306 theologie
437 249 596 301 sacre'e,
620 247 791 306 persiste
815 247 920 293 dans
943 248 981 293 la
1003 247 1280 294 de'libe'ration
1305 249 1407 308 qu'il
1434 262 1544 295 nous
1558 248 1703 295 donna
1731 268 1829 296 arec

187 330 370 375 d’autres
398 329 614 385 docteurs,
636 330 674 374 16
699 346 722 386 9
751 332 870 375 avril.
888 332 921 375 11
950 334 1095 390 ajoute
1117 333 1216 392 qu’it
1242 334 1400 377 certain
1422 335 1520 391 jour
1541 333 1637 384 fixe,
1666 335 1825 389 Jeanne

187 414 330 459 devait
354 417 442 458 etre
479 413 757 458 admonestee
777 415 1134 460 charitablement
1161 429 1203 460 et
1228 416 1361 476 qu’on
1388 416 1450 460 lui
1485 417 1767 476 expliquerait
1796 418 1831 462 la

186 499 312 556 peine
330 497 483 557 qu’elle
510 500 756 542 encourrait
784 500 817 542 si
840 499 922 543 elle
952 499 1127 544 refusait
1150 499 1313 545 d'obeir
1338 513 1380 544 et
1404 499 1455 545 de
1491 516 1534 544 se
1557 514 1793 545 soumettre
1811 507 1833 546 ἐι

189 572 373 638 l'Eglise.
403 581 475 625 Au
509 595 577 624 cas
604 586 663 625 οὺ
691 581 770 624 6116
798 580 1083 626 demeurerait
1121 599 1216 626 sans
1244 582 1378 637 obest,
1408 582 1437 626 il
1463 601 1489 641 y
1512 585 1646 628 aurait
1673 584 1758 629 lieu
1787 584 1838 628 de

189 663 394 723 proceder
414 663 511 722 plus
538 676 681 708 avant.
738 696 744 699 ,

251 749 409 792 Maitre‘
432 747 628 792 Thomas
649 746 701 791 de
725 747 986 802 CourceHes,
1014 749 1226 794 bachelier
1246 766 1298 793 en
1326 749 1544 809 theologie
1568 755 1721 805 saciee,
1744 751 1839 795 cha-

193 832 326 876 noine
341 830 415 875 des
432 830 583 889 eglises
600 829 652 875 de
676 831 794 874 Laon
820 844 860 874 et
882 830 933 875 de
956 832 1265 884 The'rouanne,
1294 836 1467 892 persiste
1492 834 1596 878 dans
1619 836 1676 879 les
1704 834 1840 879 decla-

192 916 357 960 rations
377 914 484 974 qu'il
506 931 528 959 a
554 915 691 969 faites,
715 930 816 959 avec
833 914 1033 967 d'autres‚
1061 916 1097 959 le
1120 931 1143 971 9
1179 917 1300 960 avril.
1328 919 1409 961 Sur
1436 918 1494 961 les
1515 931 1654 962 autres
1676 922 1838 976 points,

192 999 221 1043 il
248 1001 378 1058 opine
406 1015 580 1043 comme
605 998 709 1043 ledit
729 999 870 1043 Pierre
900 1000 1104 1054 Maurice,
1126 1001 1323 1057 ajoutant
1344 1017 1443 1059 que,
1475 1003 1509 1046 si
1528 984 1688 1058 Jeanne
1725 1001 1841 1046 refu—

193 1084 272 1127 sait
302 1082 468 1127 d'obeir
500 1099 521 1126 a
556 1074 722 1141 l'Eglise
759 1087 879 1141 apres
919 1083 956 1126 13
993 1085 1228 1136 monition,
1262 1100 1317 1128 on
1367 1084 1506 1129 devait
1536 1085 1573 1129 la
1600 1087 1711 1130 tenir
1731 1101 1841 1144 pour

195 1166 436 1226 heretique.

255 1252 408 1295 Maitre
428 1250 602 1295 Nicolas
626 1251 863 1305 Loiseleur‚
891 1251 1106 1296 chanoine
1134 1251 1206 1296 des
1245 1252 1395 1310 eglises
1422 1252 1473 1296 de
1504 1253 1703 1298 Chartres
1729 1266 1769 1297 et
1791 1252 1842 1297 de

195 1341 371 1395 Rouen,
403 1341 553 1384 maitre
577 1344 621 1384 65
646 1352 744 1394 arts‚
774 1341 904 1399 opina
932 1356 985 1384 en
1007 1341 1266 1385 conformite
1287 1358 1387 1386 avec
1405 1345 1554 1387 maitre
1575 1343 1769 1388 Thomas
1793 1343 1845 1388 de

198 1423 463 1479 Courcelles‚
482 1426 754 1469 susnomme'.

256 1509 411 1552 Maitre
447 1509 550 1564 Jean
596 1508 793 1566 Alespee,
830 1507 1007 1551 licencie
1047 1525 1099 1552 en
1138 1508 1233 1563 lois,
1275 1509 1486 1554 chanoine
1511 1510 1561 1554 de
1597 1511 1755 1569 l’eglise
1794 1510 1845 1554 de

198 1592 370 1645 Rouen,
389 1590 574 1635 delibera
591 1608 674 1650 que
696 1590 825 1636 ladite
852 1593 1014 1648 Jeanne
1045 1591 1186 1636 devait
1214 1596 1299 1637 etre
1321 1593 1672 1638 charitablement
1692 1593 1846 1638 admo-

197 1678 342 1720 nestee
363 1676 561 1719 {acertain
587 1676 703 1733 jour.
734 1676 777 1720 Si
799 1675 878 1720 elle
907 1677 1082 1734 persiste
1107 1676 1212 1721 dans
1241 1693 1283 1721 sa
1305 1676 1641 1732 desobeissance,
1664 1678 1700 1721 13
1722 1694 1844 1721 cause

200 1775 291 1804 sera
317 1759 498 1804 conclue
520 1772 560 1803 et
588 1759 626 1803 la
646 1772 847 1804 sentence
867 1759 1046 1804 rendue.

257 1843 500 1901 Religieuse
531 1859 762 1902 personne,
812 1845 962 1888 maitre
991 1843 1198 1888 Bertrand
1220 1843 1277 1889 du
1312 1845 1482 1889 Chesne
1504 1853 1573 1899 547,
1599 1845 1776 1889 docteur
1796 1861 1849 1889 en

198 1926 356 1981 decret,
404 1929 629 1985 superieur
676 1926 735 1972 du
775 1927 976 1985 doyenne'
1012 1927 1064 1972 de
1100 1928 1581 1983 Lihons-en-Santerre,
1622 1929 1746 1973 ordre
1800 1928 1850 1972 de

199 2011 365 2069 Cluny,
390 2012 522 2069 opina
546 2027 719 2055 comme
755 2012 792 2055 13
813 2012 984 2055 Faculte
1009 2011 1060 2055 de
1086 2012 1240 2056 Decret
1261 2011 1312 2056 de
1334 2012 1612 2056 l'Universite'
1634 2013 1685 2056 de
1718 2014 1847 2056 Paris.

260 2096 415 2139 Maitre
457 2094 708 2139 Guillaume
739 2095 872 2149 Eram,
905 2095 1085 2139 docteur
1122 2111 1174 2139 en
1205 2095 1439 2153 theologie,
1471 2097 1640 2139 sacriste
1679 2108 1720 2139 et
1756 2095 1852 2139 cha-

200 2179 334 2222 noine
356 2177 407 2222 de
424 2178 581 2236 l'eglise
604 2177 654 2223 de
666 2179 867 2237 Langres,
894 2177 1080 2223 delibera
1107 2195 1280 2223 comme
1305 2181 1343 2223 16
1370 2178 1559 2238 chapitre
1581 2178 1631 2223 de
1648 2179 1684 2222 13
1711 2179 1851 2222 cathe-

199 2261 314 2306 drale
341 2261 392 2306 de
412 2263 566 2307 Rouen
593 2274 634 2306 et
662 2262 937 2306 l'Universite
961 2262 1012 2306 de
1036 2264 1165 2306 Paris.

261 2346 343 2390 Sur
370 2348 474 2405 quoi
503 2362 632 2400 nous,
669 2348 789 2404 juges
817 2345 988 2400 susdits,
1026 2348 1324 2390 semer-cistmes
1358 2347 1415 2389 les
1454 2346 1680 2390 reverends
1716 2350 1849 2404 peres,

200 2431 419 2488 seigneurs
449 2443 490 2474 et
512 2432 719 2483 maitres;
755 2432 850 2489 puis
888 2445 999 2474 nous
1039 2430 1296 2474 declarftmes
1320 2446 1404 2488 que
1436 2446 1547 2474 nous
1579 2429 1853 2474 admoneste-

200 2515 335 2568 rions,
355 2530 510 2558 encore
534 2531 620 2559 une
638 2514 738 2568 fois,
764 2514 1123 2558 charitablement
1149 2527 1259 2558 cette
1288 2515 1451 2570 Jeanne
1483 2513 1533 2557 de
1564 2514 1735 2558 vouloir
1756 2513 1852 2557 bien

200 2599 372 2641 revenir
392 2597 463 2641 313
483 2599 581 2642 voie
606 2596 658 2642 de
672 2597 709 2641 13
723 2599 872 2651 verite,
891 2614 1000 2655 pour
1019 2597 1056 2641 16
1071 2598 1181 2642 salut
1202 2597 1254 2641 de
1278 2614 1356 2641 son
1380 2599 1474 2641 {ime
1490 2610 1529 2641 et
1557 2596 1606 2640 de
1622 2613 1699 2641 son
1715 2612 1852 2654 corps,

201 2693 243 2725 et
262 2680 470 2740 qu'enfin‚
494 2683 666 2725 suivant
690 2681 783 2726 leur
806 2681 950 2726 bonne
969 2681 1249 2725 deliberation
1273 2693 1312 2724 et
1339 2681 1536 2725 salutaire
1553 2680 1725 2733 conseil,
1744 2696 1854 2723 nous

203 2764 508 2823 procederions
536 2782 646 2824 pour
664 2766 700 2810 16
722 2778 829 2810 reste
848 2782 901 2809 en
921 2766 1150 2809 concluant
1172 2765 1276 2808 dans
1301 2764 1338 2808 13
1365 2781 1488 2809 cause
1507 2779 1613 2808 eten
1641 2766 1856 2822 assignant

155 2907 158 2910 Δ
202 2849 301 2907 jour
328 2865 440 2907 pour
460 2848 612 2894 rendre
628 2861 842 2894 sentence.
