2054 3391
218 194 267 222 12
494 182 651 224 Ρκ06ὲ5
686 196 740 224 DF„
773 195 1128 225 CONDAMNATION
1165 196 1222 224 DE
1253 196 1419 237 JEANNE
1454 180 1580 224 D'ARC

290 358 383 383 ITEM
409 346 585 385 S’ENSUIT
607 360 653 385 LA
682 360 839 386 TENEUR
871 347 994 386 D'UNE
1027 359 1174 385 LETTRE
1211 359 1364 385 ROYALE
1403 359 1475 385 SUR
1501 359 1547 385 LA
1569 359 1779 385 LIVRAISON

533 425 582 450 DE
604 425 744 451 LADITE
770 426 900 451 FEMME
917 425 1074 460 ANOL'S,
1099 417 1259 457 EVEQUE
1282 425 1332 450 DE
1356 424 1563 451 BEAUVA1S.

263 551 403 597 Heni-i,
430 564 499 603 par
528 550 564 589 13
583 552 700 604 graice
722 551 769 590 de
787 551 888 590 Dieu
911 552 970 590 roi
987 551 1033 590 de
1059 552 1203 590 France
1233 560 1272 590 et
1292 550 1583 604 d'Angleterre,
1607 552 1627 588 a
1649 560 1739 589 tous
1764 565 1863 590 ceux

208 623 277 675 qui
297 636 360 660 ces
385 624 586 675 presentes
618 622 750 661 lettres
783 632 960 670 verront,
1000 623 1115 662 salut.
1154 623 1184 661 Il
1224 632 1282 662 est
1310 637 1416 661 assez
1454 623 1613 661 notoire
1646 632 1684 661 et
1719 636 1854 661 connu

208 703 428 740 comment,
450 695 588 747 depuis
617 695 763 733 certain
783 704 929 747 temps,
950 708 1027 733 une
1049 694 1197 733 femme
1219 695 1287 748 qui
1319 708 1359 733 se
1380 695 1450 733 sait
1470 695 1632 748 appeler
1651 696 1802 744 Jeanne
1822 694 1861 733 la

207 765 367 813 Pucelle,
391 765 605 804 116131553111
631 765 769 805 l'habit
793 776 830 805 et
861 766 896 805 le
921 769 1124 805 vetement
1157 767 1209 805 du
1244 780 1334 805 sexe
1368 766 1553 813 feminin,
1582 776 1720 805 contre
1755 766 1861 805 13101

206 837 357 886 divine,
384 838 506 876 chose
536 837 790 876 abominable
822 839 842 877 a
868 839 985 886 Dieu,
1013 840 1235 892 reprouvee
1269 848 1307 877 et
1337 837 1538 877 de'fendue
1559 852 1628 891 par
1648 847 1761 877 toute
1789 838 1860 886 loi,

206 910 297 948 s⁷est
324 911 456 956 vetue,
492 909 664 949 habillee
686 920 723 948 et
741 912 871 949 arme'e
902 924 950 949 en
986 912 1064 950 6131
1096 920 1134 949 et
1154 910 1263 949 habit
1284 910 1508 958 d’homme,
1536 924 1555 949 a
1576 910 1645 949 fait
1667 920 1703 949 et
1725 912 1861 949 exerce

206 981 253 1019 de
293 981 420 1020 cruels
457 982 697 1029 homicides,
730 996 889 1021 comme
914 996 966 1021 on
1002 982 1037 1021 16
1075 982 1146 1031 dit,
1171 983 1351 1021 donnant
1388 982 1407 1020 a
1429 982 1621 1021 entendre
1645 996 1693 1020 au
1718 982 1862 1035 simple

205 1053 366 1106 peuple,
395 1067 496 1106 pour
529 1053 563 1092 le
589 1053 746 1093 seduire
774 1064 811 1093 et
841 1054 1024 1103 l'abuser,
1044 1054 1187 1108 qu’elle
1213 1055 1306 1094 etait
1331 1055 1512 1107 envoyee
1535 1054 1581 1093 de
1610 1068 1678 1107 par
1704 1055 1805 1093 Dieu
1825 1064 1863 1093 et

207 1125 352 1178 qu’elle
373 1127 475 1164 avait
505 1127 792 1165 connaissance
809 1126 855 1165 de
877 1140 937 1165 ses
957 1126 1262 1174 divinssecrets,
1286 1140 1380 1166 avec
1402 1126 1600 1179 plusieurs
1621 1136 1750 1165 autres
1765 1127 1864 1179 dog-

208 1198 456 1236 matisations
493 1203 570 1237 tres
611 1198 860 1251 perilleuseS,
911 1199 1003 1237 bien
1041 1199 1347 1253 prejudiciables
1383 1200 1403 1238 ὴ
1433 1208 1546 1238 notre
1579 1199 1702 1237 sainte
1737 1199 1791 1237 foi
1827 1209 1865 1238 et

207 1270 499 1309 scandaleuseS.
535 1271 684 1309 Tandis
707 1270 850 1324 qu'elle
873 1272 1125 1324 poursuivait
1148 1285 1213 1310 ces
1241 1271 1337 1310 abus
1363 1281 1400 1310 et
1424 1271 1594 1320 exercait
1616 1271 1684 1310 des
1707 1271 1863 1310 hostili-

207 1344 265 1381 165
287 1352 423 1381 contre
441 1356 542 1381 nous
568 1352 605 1381 et
627 1352 740 1381 notre
773 1343 936 1396 peuple,
963 1343 1037 1382 elle
1068 1358 1088 1382 a
1110 1345 1171 1383 616
1204 1345 1307 1396 prise
1336 1358 1431 1383 sous
1458 1344 1514 1382 les
1546 1357 1689 1393 armes,
1719 1343 1863 1382 devant

208 1415 473 1468 Compiegne,
500 1428 568 1467 par
600 1415 770 1453 certains
792 1415 840 1453 de
863 1429 937 1453 nos
959 1414 1104 1469 loyaux
1128 1416 1250 1467 sujets
1281 1425 1319 1454 et
1339 1415 1482 1468 depuis
1517 1417 1684 1455 311161166
1705 1416 1862 1468 prison-

206 1488 316 1526 niere
350 1501 418 1540 par
439 1487 578 1525 devers
602 1500 719 1525 nous.
744 1488 792 1526 Et
819 1501 934 1539 parce
963 1487 1109 1540 qu’elle
1137 1501 1157 1526 a
1183 1489 1243 1526 616
1267 1501 1334 1541 par
1361 1487 1558 1541 plusieurs
1590 1489 1752 1541 re'pute'e
1778 1502 1862 1526 sus-

205 1568 333 1612 pecte,
359 1560 477 1598 note'e
497 1568 534 1597 et
559 1558 743 1597 diffame'e
765 1573 813 1597 au
839 1560 940 1612 sujet
965 1559 1013 1598 de
1038 1560 1335 1612 superstitionS,
1369 1560 1416 1598 de
1444 1559 1594 1599 fausses
1618 1560 1864 1613 dogmatisa—

207 1631 312 1669 tions
344 1641 380 1669 et
406 1630 575 1669 d’autres
607 1632 749 1669 crimes
777 1631 823 1669 de
858 1630 1123 1683 lese-majeste'
1146 1632 1298 1680 divine,
1323 1645 1482 1670 comme
1508 1646 1560 1670 on
1593 1632 1627 1670 le
1650 1632 1722 1680 dit,
1759 1645 1862 1670 nous

205 1717 331 1741 avons
349 1704 409 1741 616
429 1703 562 1756 requis
587 1704 664 1742 tres
694 1704 954 1741 instainment
982 1717 1049 1756 par
1073 1713 1185 1742 notre
1207 1705 1294 1742 31116
1323 1713 1360 1743 et
1384 1703 1459 1742 feal
1498 1703 1711 1743 conseiller
1744 1703 1863 1743 l’eve-

205 1789 280 1828 que
308 1776 354 1814 de
381 1776 587 1822 Beauvais,
610 1776 701 1828 juge
734 1775 1036 1829 ecclesiastique
1059 1785 1096 1814 et
1116 1776 1315 1814 ordinaire
1339 1776 1385 1814 de
1402 1775 1521 1815 ladite
1551 1777 1717 1825 Jeanne,
1744 1776 1812 1829 qui
1841 1789 1860 1814 a

206 1849 266 1886 616
286 1848 390 1900 prise
406 1857 443 1886 et
459 1847 740 1900 apprehendee
760 1847 857 1886 dans
879 1847 935 1886 les
951 1847 1097 1886 bornes
1122 1858 1160 1887 et
1188 1848 1336 1887 limites
1358 1848 1405 1887 de
1423 1862 1494 1887 son
1516 1848 1676 1887 diocese
1691 1863 1700 1897 3
1718 1849 1861 1902 pareil-

206 1919 355 1958 lenient
393 1933 495 1958 nous
521 1932 644 1958 avons
669 1920 729 1958 ete
760 1920 928 1958 exhorte'
960 1933 1028 1972 par
1056 1930 1169 1959 notre
1195 1922 1272 1959 tres
1291 1921 1408 1959 611616
1431 1931 1468 1959 et
1502 1922 1580 1959 tres
1614 1921 1741 1960 3111166
1764 1920 1859 1969 fille,

206 1991 463 2030 l'Universite
485 1991 533 2030 de
559 1992 682 2039 Paris,
707 1992 754 2030 de
776 1991 937 2030 vouloir
952 1991 1044 2030 bien
1060 1992 1154 2031 faire
1174 1992 1331 2039 rendre,
1356 1992 1494 2031 bailler
1513 2002 1550 2031 et
1572 1992 1741 2031 delivrer
1762 2002 1863 2031 cette

203 2065 354 2112 Jeanne
377 2063 487 2102 audit
512 2063 703 2102 reverend
729 2065 821 2116 pere
848 2078 896 2102 en
931 2065 1048 2111 Dieu,
1075 2078 1179 2117 pour
1204 2064 1453 2118 l’interroger
1471 2075 1508 2104 et
1537 2064 1769 2103 l'examiner
1799 2079 1864 2104 sur

205 2149 269 2173 ces
289 2149 367 2180 cas,
390 2135 467 2174 afin
501 2135 548 2174 de
571 2136 764 2188 proceder
789 2145 927 2174 contre
956 2136 1031 2175 elle
1057 2137 1216 2175 suivant
1239 2136 1295 2175 les
1320 2137 1601 2175 ordonnances
1631 2147 1667 2175 et
1693 2137 1863 2190 disposi-

202 2209 307 2246 tions
326 2207 393 2246 des
413 2208 537 2246 droits
555 2207 667 2246 divin
687 2217 724 2246 et
745 2221 893 2256 canon,
922 2208 1081 2261 appeles
1120 2222 1216 2248 ceux
1239 2209 1307 2262 qui
1344 2218 1479 2247 seront
1504 2209 1523 2247 a
1548 2209 1724 2261 appeler.
1754 2209 1861 2248 C'est

205 2281 422 2333 pourquoi,
460 2294 562 2333 pour
596 2279 632 2318 le
658 2289 813 2332 respect
849 2290 886 2319 et
909 2279 1123 2319 l'honneur
1147 2281 1198 2319 du
1232 2294 1327 2319 nom
1352 2281 1399 2319 de
1430 2281 1548 2328 Dieu,
1573 2281 1607 2319 la
1637 2280 1798 2319 defense
1821 2290 1858 2319 et

205 2350 447 2390 l'exaltation
468 2351 515 2390 de
534 2365 575 2389 sa
596 2352 721 2390 sainte
746 2343 879 2403 Eglise
902 2362 939 2390 et
960 2352 1008 2390 de
1022 2352 1056 2390 la
1074 2351 1129 2390 foi
1150 2352 1395 2405 catholique,
1423 2366 1525 2391 nous
1546 2352 1721 2391 voulons
1743 2353 1863 2391 116νο-

204 2433 356 2462 tement
389 2423 516 2471 011611,
554 2437 714 2462 comme
747 2423 793 2462 de
826 2424 928 2462 vrais
966 2434 1003 2463 et
1037 2423 1222 2462 humbles
1259 2423 1320 2482 fils
1356 2424 1403 2462 de
1445 2425 1569 2463 sainte
1595 2415 1744 2477 Eglise,
1786 2437 1864 2463 aux

204 2497 386 2548 requetes
406 2504 443 2533 et
465 2496 663 2534 instances
680 2495 792 2534 dudit
813 2496 1004 2534 reverend
1032 2497 1124 2548 pere
1147 2510 1194 2534 en
1224 2496 1326 2534 Dieu
1349 2506 1385 2534 et
1402 2510 1476 2534 aux
1499 2497 1774 2534 exhortations
1797 2497 1865 2535 des

205 2566 389 2605 docteurs
412 2576 448 2605 et
468 2568 627 2605 maitres
660 2567 706 2606 de
733 2577 847 2606 notre
867 2567 947 2606 dite
973 2567 1054 2606 fille
1083 2567 1341 2606 l’Universite
1374 2568 1421 2606 de
1459 2569 1581 2606 Paris.
1609 2570 1725 2607 Donc
1758 2582 1862 2607 nous

204 2639 439 2677 ordonnons
477 2648 514 2677 ct
547 2653 647 2677 nous
673 2639 911 2686 accordonS,
937 2649 1073 2678 autant
1106 2640 1154 2678 de
1179 2639 1256 2678 fois
1288 2639 1383 2693 qu’il
1413 2639 1610 2678 semblera
1643 2639 1724 2678 bon
1756 2641 1865 2679 audit

204 2711 394 2749 16116161111
418 2712 510 2763 pere
536 2724 583 2749 en
610 2712 727 2757 Dieu,
751 2725 827 2764 que
857 2722 961 2750 cette
986 2713 1137 2760 Jeanne
1162 2711 1216 2749 lui
1247 2713 1325 2750 soit
1355 2711 1496 2750 11311166
1519 2722 1556 2750 et
1590 2711 1763 2750 de'livre'e
1796 2726 1865 2765 par

207 2796 280 2821 nos
295 2796 393 2834 gens
419 2792 456 2820 et
481 2782 653 2821 officiers
677 2784 742 2836 qui
761 2783 861 2822 l'ont
880 2798 928 2821 611
956 2783 1039 2822 leur
1060 2784 1197 2836 garde,
1221 2797 1326 2836 pour
1351 2783 1615 2837 l'interroger,
1635 2783 1865 2823 l'exaniiner

205 2864 242 2893 et
262 2868 366 2907 pour
383 2869 459 2907 que
485 2868 558 2892 son
584 2856 726 2906 proces
748 2854 803 2893 lui
827 2856 905 2894 soit
926 2855 1010 2903 fait,
1036 2855 1148 2894 selon
1178 2857 1295 2903 Dieu,
1320 2855 1356 2894 la
1388 2857 1536 2903 raison,
1560 2856 1594 2894 16
1619 2856 1723 2895 droit
1749 2856 1860 2895 divin

206 2937 243 2965 et
268 2927 322 2965 les
341 2927 462 2965 saints
482 2940 648 2974 canons,
685 2940 753 2979 par
776 2926 871 2965 ledit
903 2928 1092 2966 reverend
1121 2932 1213 2980 pere
1246 2941 1293 2966 en
1325 2928 1448 2966 Dieu.
1479 2928 1593 2965 Ainsi
1626 2941 1728 2966 nous
1761 2929 1863 2967 don-

205 3012 308 3037 nons
330 2998 588 3037 mandement
606 2999 812 3037 anosdites
827 3012 926 3051 gens
945 3009 981 3037 et
998 2998 1185 3046 officim-s,
1202 3000 1268 3052 qui
1289 3008 1359 3037 ont
1377 3013 1425 3037 en
1446 2999 1565 3051 garde
1579 3009 1678 3038 cette
1693 3001 1859 3048 Jeanne,

207 3071 254 3108 116
277 3070 309 3108 13
336 3070 473 3108 11311161·
497 3079 533 3108 et
556 3069 725 3108 delirrer
744 3070 853 3109 audit
880 3071 1070 3109 reverend
1096 3072 1187 3123 pere
1210 3085 1257 3109 en
1284 3072 1403 3117 Dieu,
1432 3084 1521 3108 sans
1543 3070 1649 3109 refus
1672 3072 1710 3110 ni
1733 3085 1863 3111 aucun
