2054 3391
217 199 303 254 224
498 188 657 242 pnocfis
690 203 746 241 DE
779 202 1132 242 comeNA‘noN‘
1167 204 1225 242 DE
1256 201 1422 255 J‘EAN'N'E
1455 187 1583 245 &Are

208 308 230 347 ὲ
254 308 288 348 13
307 308 488 348 doctrine
507 310 575 349 des
600 310 721 349 saints
747 324 911 349 canons.
953 309 1057 348 D'un
1078 323 1190 350 coeur
1214 312 1430 364 6111916556,
1453 321 1590 352 aurant
1611 312 1709 366 qu'il
1730 321 1788 353 est
1811 320 1861 353 en

209 395 304 421 mon
327 382 515 435 pouvoir,
539 383 575 435 je
597 383 677 421 suis
699 383 784 435 pret
799 382 819 420 3
841 381 952 421 obeir
973 383 1050 421 tres
1066 392 1369 436 prompternent
1389 397 1463 422 aux
1485 385 1860 425 commandements

201 454 249 493 de
270 445 429 507 l'Eglise
449 464 487 493 61
508 468 583 493 aux
606 455 752 502 vorres,
773 467 822 493 en
851 463 984 493 toutes
1006 454 1165 494 choses.
1191 455 1304 494 Ainsi
1345 456 1460 509 signe
1497 470 1504 494 :
1531 456 1583 495 Le
1604 465 1692 497 tout
1721 459 1851 506 votre,

206 528 242 577 J.
264 527 414 567 Garun.

207 683 260 722 LE
284 689 517 722 VENERABLE
541 695 735 722 CHAPITRE
759 695 809 721 DE
832 696 879 721 LA
904 689 1165 722 CATHEDRALE
1199 696 1249 723 DE
1277 695 1411 724 ROUEN
1442 689 1635 725 DELIBERA
1656 698 1706 724 EN
1734 697 1858 725 CETTE

262 761 461 795 MANIERE:

261 864 466 903 Reverend
490 865 581 918 pere
613 873 651 903 et
674 877 790 913 vous,
826 863 1037 902 venerable
1073 864 1274 917 seigneur,
1309 865 1456 904 vicaire
1489 864 1537 904 de
1574 865 1862 919 monseigneur

204 935 473 991 l'inquisiteur
495 937 543 976 de
568 936 601 975 13
622 937 838 990 perversite
859 936 1083 990 heretique,
1106 949 1206 975 vous
1228 950 1321 975 avez
1342 937 1475 990 requis
1496 936 1533 976 16
1558 937 1736 990 chapitre
1761 937 1808 977 de
1826 937 1861 977 13

205 1010 428 1050 cathedrale
450 1009 497 1048 de
528 1011 671 1048 Rouen
699 1009 747 1048 de
771 1022 873 1047 vous
904 1008 1073 1057 donner,
1104 1022 1153 1047 en
1178 1007 1317 1047 faveur
1350 1008 1397 1048 de
1428 1008 1464 1047 la
1494 1008 1566 1058 foi,
1596 1023 1651 1048 un
1677 1009 1860 1050 salutaire

202 1082 355 1123 conseil
377 1096 443 1121 sur
463 1082 656 1121 certaines
679 1081 954 1135 propositions
979 1081 1162 1120 extraites
1178 1090 1216 1120 et
1241 1081 1415 1120 choisies
1438 1081 1563 1134 parmi
1588 1080 1644 1120 les
1670 1095 1795 1121 aveux
1823 1091 1861 1121 et

198 1142 258 1194 les
286 1155 362 1194 dits
394 1154 512 1193 d’une
544 1154 708 1202 femme,
741 1152 1037 1206 vulgairernent
1061 1153 1250 1192 nommee
1275 1151 1311 1191 la
1343 1152 1510 1191 Pucelle:
1539 1153 1717 1192 assavoir
1741 1153 1772 1191 si
1797 1167 1861 1193 ces

203 1227 435 1275 assertions,
459 1240 512 1265 ou
547 1226 739 1265 certaines
777 1224 931 1264 d’entre
972 1224 1082 1273 elles,
1106 1234 1195 1264 tout
1227 1238 1280 1263 vu
1307 1235 1345 1264 et
1374 1224 1598 1273 considere,
1642 1235 1734 1264 sont
1763 1239 1859 1264 con-

204 1300 340 1338 traires
376 1300 397 1337 3
429 1298 465 1337 13
500 1297 556 1337 foi
578 1297 817 1346 orthodoxe,
839 1307 932 1345 etc.,
978 1310 1021 1336 ce
1052 1296 1149 1351 qu’il
1172 1310 1221 1336 en
1239 1295 1322 1336 faut
1344 1310 1490 1350 9611561
1507 1310 1555 1336 au
1584 1298 1792 1350 jugement
1813 1297 1860 1337 (16

203 1371 239 1410 13
258 1370 329 1420 foi,
353 1371 452 1410 ainsi
472 1370 569 1424 qu'il
592 1380 650 1410 est
672 1379 848 1409 contenu
864 1369 954 1423 plus
977 1369 1243 1422 longuement
1273 1368 1370 1408 dans
1394 1368 1569 1408 l'exorde
1591 1370 1639 1408 de
1660 1368 1696 1408 13
1721 1368 1860 1408 cedule

205 1444 252 1482 de
280 1457 344 1483 ces
374 1443 603 1483 assertionS.
646 1443 747 1481 Mais
783 1442 905 1490 alors,
944 1455 993 1481 en
1017 1441 1292 1480 reflechissant
1327 1441 1348 1480 3
1378 1442 1413 1480 13
1439 1441 1640 1495 grandeur
1672 1441 1720 1480 de
1759 1451 1861 1481 cette

206 1516 386 1565 matiere,
419 1529 520 1554 nous
557 1515 698 1554 avions
729 1513 866 1553 differe
895 1513 942 1552 de
975 1527 1076 1553 vous
1107 1513 1244 1552 bailler
1275 1515 1462 1566 reponse,
1495 1514 1669 1553 desirant
1699 1527 1859 1567 3119313-

208 1598 317 1636 vant,
333 1588 411 1626 afin
442 1588 489 1626 de
517 1601 615 1626 vous
640 1587 797 1626 donner
817 1600 872 1625 un
894 1585 1047 1625 conseil
1065 1585 1155 1639 plus
1177 1586 1322 1625 certain
1351 1595 1388 1625 et
1412 1585 1502 1638 plus
1523 1587 1672 1635 assure,
1687 1585 1858 1639 prendre

204 1660 491 1699 connaissance
505 1660 572 1699 des
584 1658 892 1708 consultations,
907 1658 1191 1697 deliberations
1210 1667 1247 1697 et
1260 1658 1590 1698 determinations
1603 1658 1651 1697 de
1673 1657 1859 1712 l'insigne

202 1733 429 1771 Universite
447 1732 493 1771 de
505 1732 625 1780 Paris,
640 1740 797 1770 surtout
815 1731 861 1770 de
874 1729 994 1770 celles
1011 1730 1079 1769 des
1093 1729 1271 1769 Facultes
1285 1730 1332 1769 de
1345 1730 1572 1783 Theologie
1585 1740 1624 1769 et
1636 1730 1682 1769 de
1697 1732 1856 1769 Decret.

204 1805 276 1843 Par
298 1804 333 1843 13
367 1805 483 1853 suite,
510 1804 622 1857 apres
646 1803 758 1842 avoir
786 1816 838 1842 vu
869 1812 908 1841 et
937 1803 1241 1841 attentivement
1271 1801 1480 1841 considere
1513 1801 1569 1841 les
1598 1803 1789 1855 opinions
1808 1802 1856 1841 de

200 1876 396 1930 plusieurs
421 1876 606 1915 docteurs
628 1889 677 1915 en
705 1875 911 1928 theologie
933 1875 1065 1913 sacree
1097 1874 1165 1927 qui
1197 1887 1236 1912 56
1270 1874 1497 1913 trouvaient
1527 1887 1576 1913 en
1608 1883 1709 1913 cette
1738 1873 1852 1922 ville3

198 1953 309 2002 apres
327 1958 428 1988 cette
443 1947 663 1987 assemblee
694 1947 740 1986 de
771 1946 932 2000 prelats,
969 1946 1017 1985 de
1045 1946 1230 1985 docteurs
1268 1959 1316 1984 en
1350 1944 1554 1998 theologie
1589 1955 1627 1984 et
1664 1959 1713 1984 en
1745 1945 1851 1985 droit

197 2033 344 2068 canon,
370 2021 418 2059 de
448 2020 636 2059 licencies
660 2032 709 2058 en
731 2018 812 2057 l'un
833 2028 870 2057 et
891 2018 1027 2057 l'autre
1046 2018 1166 2066 droit,
1190 2019 1321 2056 savoir
1333 2031 1380 2056 en
1405 2017 1509 2056 droit
1527 2030 1673 2066 canon,
1698 2017 1790 2057 civil
1816 2027 1853 2056 et

195 2102 304 2132 autre
323 2102 361 2132 et
384 2092 555 2131 d'autres
576 2090 849 2144 scientifiques
871 2103 1090 2144 personnes
1121 2099 1302 2128 savantes
1332 2103 1381 2128 en
1414 2089 1518 2129 droit
1549 2089 1659 2128 divin
1681 2099 1719 2128 et
1743 2089 1854 2139 civil,

199 2179 275 2219 que
296 2179 397 2204 vous
427 2178 520 2203 avez
540 2173 662 2202 tenue
683 2161 1019 2201 solennellement
1050 2171 1087 2200 et
1107 2161 1289 2215 presidee
1316 2160 1351 2200 le
1376 2175 1396 2201 2
1422 2161 1469 2200 de
1495 2174 1539 2201 66
1561 2162 1663 2201 111015
1688 2161 1736 2200 de
1758 2162 1853 2210 mai,

199 2247 237 2276 et
261 2239 313 2276 011
335 2236 467 2276 furent
483 2236 594 2275 faites
617 2235 637 2273 a
658 2235 776 2274 ladite
800 2233 949 2273 femme
965 2233 1174 2287 beaucoup
1191 2234 1237 2272 de
1257 2233 1405 2272 douces
1427 2243 1465 2272 et
1477 2233 1524 2272 de
1545 2234 1703 2286 pieuses
1719 2233 1856 2273 admo-

199 2310 434 2358 nestations,
455 2308 503 2347 de
522 2306 757 2347 charitables
782 2307 1054 2345 exhortations
1080 2315 1117 2345 et
1141 2305 1423 2353 sommations‚
1447 2314 1531 2344 tant
1554 2319 1623 2359 par
1646 2319 1747 2344 vous
1778 2319 1856 2360 que

198 2395 267 2434 par
287 2381 499 2420 venerable
517 2380 718 2433 seigneur,
737 2379 1024 2432 monseigneur
1048 2377 1320 2417 l’archidiacre
1343 2369 1557 2425 d'Evreux,
1582 2378 1739 2431 insigne
1761 2392 1855 2431 pro-

198 2452 347 2492 fesseur
359 2466 407 2492 en
421 2452 626 2505 theologie
640 2452 786 2498 sacree.
802 2449 1089 2503 specialement
1103 2450 1273 2489 commis
1295 2450 1315 2488 a
1334 2462 1377 2488 ce
1395 2449 1489 2488 faire
1505 2463 1575 2502 par
1595 2463 1667 2489 vos
1688 2449 1804 2489 ordre
1817 2459 1855 2489 et

198 2525 383 2578 autorite,
404 2524 482 2563 afin
504 2537 596 2577 que,
621 2537 723 2576 pour
739 2523 775 2562 le
800 2522 901 2561 salut
920 2522 968 2561 de
993 2536 1066 2561 son
1089 2523 1177 2561 ame
1199 2531 1237 2560 et
1261 2521 1297 2560 16
1319 2521 1411 2559 bien
1437 2521 1485 2560 de
1507 2535 1579 2560 son
1600 2535 1732 2574 corps,
1747 2535 1851 2575 pour

196 2596 412 2636 l'honneur
433 2606 470 2635 et
490 2596 527 2634 la
543 2595 715 2648 louange
735 2595 783 2633 de
798 2595 916 2641 Dieu,
941 2607 1046 2647 pour
1064 2593 1157 2632 faire
1176 2593 1402 2646 16931311011
1432 2606 1572 2631 envers
1588 2592 1625 2631 13
1643 2592 1699 2631 foi
1717 2593 1854 2632 catho-

196 2669 320 2723 lique,
339 2678 439 2708 cette
464 2667 612 2707 femme
637 2666 779 2706 voulut
794 2666 884 2705 bien
908 2666 1083 2719 corriget
1104 2674 1141 2704 et
1162 2665 1353 2704 amender
1371 2678 1431 2703 ses
1456 2663 1544 2703 faits
1570 2674 1607 2703 et
1637 2664 1713 2704 dits
1744 2665 1854 2704 inde-

196 2750 329 2797 cents,
347 2754 386 2780 56
408 2748 641 2788 soumettre,
666 2751 826 2778 comme
848 2737 873 2776 il
896 2738 1089 2777 convient
1109 2738 1129 2776 3
1148 2746 1235 2776 tout
1249 2735 1492 2790 catholique,
1517 2750 1564 2775 au
1587 2737 1794 2790 jugement
1815 2747 1852 2776 et

197 2813 505 2853 determination
538 2811 585 2850 de
613 2801 774 2864 l‘Eglise
804 2809 1060 2858 universelle,
1096 2809 1143 2848 de
1175 2818 1288 2848 notre
1330 2808 1559 2847 Saint-Pere
1584 2808 1619 2847 le
1648 2822 1766 2862 9396,
1799 2808 1852 2848 du

198 2885 353 2925 concile
372 2884 532 2939 general
558 2893 595 2923 61
614 2883 680 2922 (165
702 2893 830 2922 autres
851 2882 996 2936 prelats
1019 2882 1067 2921 de
1092 2872 1253 2931 l'Eglise
1274 2880 1341 2934 qui
1361 2894 1411 2919 en
1442 2890 1513 2919 ont
1537 2880 1573 2919 16
1592 2881 1712 2929 (11011,
1734 2895 1787 2920 ou
1804 2881 1863 2930 de*

198 2968 334 3012 quatre
359 2956 540 2997 notables
565 2965 603 2995 et
624 2954 894 3008 scientifiques
919 2967 1141 3008 personnes
1154 2944 1330 3006 d’Eglise
1351 2952 1399 2991 de
1417 2951 1668 2992 l'obedience
1690 2962 1850 3006 tempo-

198 3029 292 3069 relle
314 3039 351 3068 et
376 3028 628 3068 domination
657 3026 725 3065 des
745 3039 844 3079 gens
867 3026 912 3065 de
938 3039 1010 3065 son
1031 3025 1148 3079 parti,
1178 3024 1246 3063 des
1271 3023 1455 3063 docteurs
1483 3033 1520 3062 et
1547 3033 1675 3063 autres
1703 3024 1849 3064 ci-des-

200 3116 264 3140 sus
287 3102 487 3148 nomines,
517 3114 557 3138 se
585 3108 770 3139 trouvant
801 3097 903 3137 alors
938 3098 989 3137 ici
1017 3107 1054 3137 et
1094 3096 1347 3150 acquiescant
1378 3095 1397 3133 a
1428 3105 1487 3135 cet
1525 3097 1621 3135 avis.
1660 3096 1719 3135 Or
1748 3105 1848 3136 cette
