2054 3391
466 191 625 235 PRoci-:s
658 205 715 234 DE
747 204 1099 234 CONDAMNATION
1141 205 1196 233 DE
1227 205 1394 246 JEANNE
1430 191 1556 234 D’Arzc
1781 207 1829 248 17

192 304 359 351 notaire,
414 317 462 341 en
506 312 593 341 tout
638 312 676 341 et
721 311 878 354 partout
916 303 969 341 ou
1009 315 1052 340 cc
1109 316 1191 340 sera
1229 312 1448 355 opportuu.
1494 304 1550 340 lin
1597 304 1748 342 temoin
1790 304 1837 342 de

190 374 302 428 quoi,
329 376 465 413 etc.58.

243 548 337 575 ITEM
369 535 545 575 S'ENSUIT
577 548 625 573 LA
654 547 814 574 TENEUR
845 547 894 572 DE
925 548 970 573 LA
1003 546 1150 573 LETTRE
1181 547 1419 574 INSTITUANT
1443 547 1495 574 UN
1527 547 1782 574 CONSEIILER.

240 666 274 704 A
292 675 383 704 tous
408 679 504 704 ceux
530 666 597 718 qui
617 678 680 703 ces
705 665 1056 718 presenteslettres
1080 675 1257 713 verrom,
1274 666 1420 711 Pieri-e,
1446 665 1560 718 parla
1580 666 1840 703 misericorde

191 737 326 776 divine
351 738 504 790 e'veque
528 736 575 774 de
611 736 817 783 Beauvais,
850 746 924 775 etc.
960 738 1073 775 Nous
1102 736 1249 775 saisons
1275 736 1379 775 donc
1407 737 1538 775 savoir
1562 750 1639 789 que
1672 736 1839 775 voulant

191 809 322 847 suivre
347 821 410 847 ces
435 807 698 847 deliberation
733 817 770 846 et
797 807 966 854 conseil,
994 809 1094 846 ainsi
1119 822 1195 861 que
1230 808 1286 847 les
1313 808 1462 847 formes
1490 808 1543 846 du
1574 808 1693 856 droit,
1723 818 1841 860 ayant

191 879 323 932 pleine
348 879 569 928 confiance,
594 880 751 918 suivant
774 880 892 926 Diem,
920 888 958 917 et
981 879 1148 918 dument
1170 879 1340 918 informe
1359 880 1406 918 de
1425 879 1461 918 la
1482 879 1646 928 fidelite,
1665 879 1838 932 probite,

192 951 366 1004 capacite
391 950 597 990 suffisante
621 960 659 989 et
686 951 865 1004 aptitude
888 950 936 989 de
961 950 1171 989 ve'nerable
1193 961 1231 989 et
1257 951 1453 1003 prudente
1478 964 1677 1004 personne
1699 951 1840 989 maitre

190 1023 287 1070 Jean
310 1022 357 1061 de
389 1023 440 1060 La
462 1023 669 1070 Fontaine,
694 1023 833 1061 maitre
855 1023 896 1060 es
917 1031 1010 1069 arm,
1035 1021 1202 1061 licencie'
1227 1036 1276 1061 en
1308 1023 1454 1070 decret,
1483 1037 1583 1061 nous
1609 1036 1732 1061 avons
1756 1021 1840 1070 fait,

191 1094 390 1142 ordonne,
408 1094 595 1141 commis,
611 1094 772 1146 de'pute,
789 1103 926 1132 retenu
942 1093 1038 1132 ledit
1058 1095 1196 1133 maitre
1217 1096 1313 1143 Jean
1331 1108 1377 1133 en
1401 1094 1546 1147 qualite‘
1566 1095 1612 1132 de
1629 1094 1843 1132 conseiller

191 1174 228 1204 et
247 1164 558 1204 d'examinateur
582 1165 650 1204 des
669 1166 842 1204 temoins
862 1165 882 1203 a
902 1165 1092 1218 produire
1115 1165 1211 1204 dans
1231 1165 1265 1204 la
1287 1179 1404 1204 cause
1426 1166 1472 1204 de
1497 1166 1533 1204 la
1558 1175 1641 1218 part
1659 1166 1706 1204 de
1729 1176 1842 1204 notre

190 1246 424 1289 promoteur
449 1249 456 1275 :
481 1247 519 1276 et
543 1250 645 1276 nous
665 1237 854 1275 donnons
873 1236 981 1275 audit
1003 1237 1142 1275 maitre
1157 1238 1254 1286 Jean
1280 1246 1317 1275 et
1339 1237 1394 1275 lui
1417 1237 1647 1275 concedons
1673 1237 1840 1284 licence,

190 1307 335 1347 faculte'
360 1318 398 1347 et
417 1309 586 1347 autorite
611 1308 658 1347 de
683 1309 861 1347 recevoir
882 1307 937 1347 les
965 1308 1040 1347 dits
1067 1309 1257 1356 temoins,
1280 1308 1327 1346 de
1363 1308 1448 1347 leur
1477 1308 1570 1347 faire
1602 1310 1730 1360 preter
1759 1322 1842 1346 ser—

190 1389 317 1427 ment,
336 1379 383 1418 de
404 1379 459 1418 les
479 1380 696 1428 examines,
715 1380 763 1418 de
777 1380 833 1419 les
852 1379 1049 1419 absoudre
1070 1379 1118 1418 ad
1135 1379 1369 1427 cautelam,
1385 1380 1432 1418 de
1452 1379 1546 1418 faire
1563 1380 1716 1433 re'diger
1735 1389 1772 1418 et
1794 1379 1842 1418 de

191 1451 347 1504 rediger
378 1465 445 1504 par
475 1452 570 1490 ecrit
595 1450 699 1490 leurs
728 1452 996 1504 depositionS,
1023 1451 1070 1490 de
1108 1451 1203 1490 faire
1237 1465 1286 1490 en
1312 1465 1364 1490 uu
1403 1461 1488 1490 mot
1523 1461 1610 1490 tout
1643 1465 1686 1490 ce
1717 1451 1839 1504 qu’un

192 1523 419 1572 conseiller,
447 1524 719 1573 commissaire
757 1533 794 1562 et
819 1524 1094 1562 examinateur
1130 1524 1296 1562 dument
1326 1523 1527 1561 constitue
1562 1532 1656 1575 peut
1687 1531 1725 1561 et
1759 1523 1842 1561 doit

193 1595 303 1643 faire,
333 1605 419 1634 tout
444 1609 488 1634 ce
521 1609 597 1649 que
630 1609 732 1635 nous
766 1595 917 1634 ferions
942 1597 1218 1634 nous-memes
1241 1609 1293 1633 ou
1317 1595 1532 1648 pourrions
1557 1594 1652 1632 faire
1678 1594 1707 1632 si
1738 1608 1842 1632 nous

192 1667 387 1721 agissions
411 1667 781 1720 personnellement
804 1667 825 1705 a
849 1681 889 1706 sa
910 1667 1036 1720 place.
1062 1668 1120 1706 En
1144 1667 1298 1706 te'moin
1324 1667 1371 1705 de
1393 1667 1503 1719 quoi,
1530 1676 1605 1705 etc.

319 1841 412 1868 ITEM
443 1829 619 1869 S'ENSUIT
648 1843 695 1868 LA
723 1842 881 1869 TENEUR
912 1842 981 1868 DES
1012 1842 1181 1868 LETTRES
1212 1841 1453 1868 INSTITUANT
1485 1828 1716 1868 L’HUISSIER.

249 1956 283 1994 A
303 1964 394 1994 tous
421 1968 521 1994 ceux
543 1955 611 2008 qui
633 1969 697 1994 ces
718 1956 923 2008 presentes
944 1955 1078 1994 lettres
1100 1964 1275 2002 veri-ont,
1301 1955 1431 1993 Pieri-e
1453 1964 1524 1993 etc.
1555 1955 1669 1993 Nous
1697 1954 1846 1993 faisons

196 2027 300 2066 donc
327 2027 458 2065 savoir
486 2040 563 2080 que
584 2026 750 2066 voulant
771 2028 902 2065 suivre
923 2040 987 2065 ces
1013 2027 1274 2065 de‘libe'ration
1307 2036 1345 2064 et
1378 2025 1547 2074 conseil,
1572 2026 1670 2064 ainsi
1694 2040 1770 2079 que
1790 2026 1845 2064 les

196 2097 345 2137 formes
364 2098 417 2137 du
433 2099 551 2146 droit,
575 2108 693 2151 ayant
708 2099 842 2152 pleine
862 2098 1083 2146 confiance,
1102 2099 1260 2137 suivant
1280 2098 1398 2144 Dieu,
1414 2107 1450 2136 et
1472 2098 1639 2136 dument
1655 2097 1844 2145 informe,

197 2170 245 2209 de
267 2170 301 2209 la
322 2171 513 2223 capacite,
539 2170 688 2210 fidelite
721 2181 759 2210 et
780 2180 967 2223 prompte
998 2170 1196 2223 diligence
1218 2169 1266 2208 de
1288 2170 1455 2208 discrete
1481 2183 1679 2222 personne
1705 2169 1845 2207 maitre

195 2243 292 2291 Jean
315 2243 504 2291 Massieu,
527 2244 672 2296 pretre,
696 2243 828 2296 doyen
855 2243 902 2281 de
934 2243 968 2280 la
989 2243 1209 2281 chre'tiente
1231 2242 1277 2280 de
1311 2243 1466 2289 Rouen,
1494 2254 1595 2280 nous
1617 2254 1740 2279 avons
1761 2239 1844 2287 fait,

197 2314 412 2363 constitue,
436 2323 573 2353 retenu
596 2324 633 2353 et
654 2314 837 2353 ordonne'
857 2313 1063 2362 leditJean
1082 2327 1241 2352 comme
1259 2315 1473 2352 exe'cuteur
1485 2313 1552 2351 des
1568 2312 1846 2350 mandements

198 2396 236 2425 et
260 2386 326 2425 des
360 2387 648 2425 convocations
674 2387 694 2425 a
719 2386 813 2425 faire
841 2400 889 2425 en
916 2396 1029 2425 notre
1055 2400 1151 2425 nom
1187 2386 1283 2424 dans
1312 2385 1347 2424 la
1372 2386 1552 2438 presente
1575 2398 1690 2423 cause
1711 2399 1719 2432 3
1744 2398 1846 2423 nous

199 2457 257 2497 lui
280 2472 405 2497 avons
429 2458 607 2497 concede'
638 2468 750 2497 toute
773 2457 924 2497 licence
950 2471 998 2497 en
1030 2457 1128 2505 cela,
1153 2467 1191 2497 et
1222 2471 1323 2497 nous
1357 2456 1411 2495 lui
1436 2456 1668 2495 conce'dons
1692 2470 1761 2508 par
1785 2469 1848 2494 ces

199 2529 416 2582 presentes.
444 2531 503 2568 En
523 2531 677 2569 temoin
701 2530 749 2569 de
771 2531 884 2584 quoi,
904 2540 979 2569 etc.

812 2703 854 2740 13
887 2703 1055 2739 JANVIER
1085 2689 1242 2743 [1431]

262 2817 313 2861 Et
334 2817 371 2861 le
402 2817 564 2862 saniedi
601 2818 788 2871 suivant,
824 2826 892 2874 13e
915 2819 1011 2874 jour
1037 2816 1095 2860 du
1118 2817 1229 2860 mois
1251 2815 1302 2860 de
1328 2816 1505 2873 janvier,
1529 2830 1655 2867 nous,
1687 2816 1848 2871 eveque

202 2900 354 2955 susdit,
383 2917 519 2945 avons
544 2900 619 2945 fait
650 2916 921 2959 convoquer,
958 2900 1061 2944 dans
1084 2901 1120 2943 la
1155 2901 1324 2943 maison
1358 2902 1414 2942 ou
1438 2915 1550 2942 nous
1586 2897 1787 2941 habitons
1826 2902 1846 2939 il

202 2984 356 3028 Rouen
369 2985 422 3039 ⁶⁰,
449 2986 761 3042 messeigneurs
786 2997 826 3027 et
850 2986 1021 3028 maitres
1046 3000 1053 3026 :
1077 2984 1225 3034 Gilles,
1250 2982 1355 3026 abbe
1380 2981 1431 3025 de
1459 2982 1495 3024 la
1517 2982 1661 3024 Saime
1678 2980 1846 3022 Trinite

202 3066 253 3110 de
285 3069 481 3127 Fecamp‚
521 3067 701 3112 docteur
739 3085 791 3112 en
830 3068 1075 3125 tlie'ologie3
1115 3067 1284 3110 Nicolas
1324 3066 1374 3110 de
1403 3064 1638 3116 venderes,
1675 3064 1846 3106 licencie

328 3152 454 3181 Paocf-:s
476 3161 518 3181 DE
541 3152 669 3192 JEANNE
692 3151 809 3181 D'ARC.
837 3168 873 3172 -
902 3151 942 3180 ΙΙ.
1727 3155 1741 3174 2
