2054 3391
246 169 269 200 2
526 157 685 201 PROCliS
718 172 773 201 DE
807 172 1162 202 CONDAMNATION
1196 174 1252 202 DE
1283 173 1450 215 JEANNE
1484 159 1610 202 D’ARC

240 270 278 315 13
304 285 515 329 croyance
531 270 790 315 orthodoxe.
817 272 879 315 En
906 287 950 315 ce
968 271 1135 326 faisant,
1160 285 1253 316 (311(
1275 272 1380 316 (13(15
1410 283 1533 316 notre
1554 286 1709 330 propre
1731 270 1900 315 diocese

239 354 370 412 qu’en
398 354 611 413 plusieurs
640 368 781 399 autres
810 355 925 400 lieux
955 355 1007 400 de
1030 372 1077 400 ce
1109 371 1335 414 royaume,
1366 356 1446 401 elle
1471 357 1573 400 etait
1601 358 1776 413 repute'e
1801 371 1903 400 cou-

245 437 368 497 pable
397 437 448 483 de
473 455 622 497 graves
639 439 785 484 delits.

304 523 387 567 Ces
411 522 507 567 faits
532 527 651 567 etant
680 539 895 581 parvenus
922 528 944 567 3
971 524 1010 567 13
1033 525 1342 568 connaissance
1370 523 1421 568 de
1457 536 1581 568 notre
1610 528 1726 567 111616
1763 522 1905 567 l’Uni-

246 607 399 651 versite
424 606 474 651 de
500 608 614 650 Paris
642 619 683 650 et
708 606 759 650 de
781 606 888 651 frere
918 608 1076 651 Martin
1092 607 1269 652 Billorin
1288 608 1320 662 ⁶,
1338 609 1495 652 vicaire
1518 607 1689 666 general
1706 606 1756 651 de
1778 622 1905 650 mon-

244 692 445 749 seigneur
464 690 758 749 l’inquisiteur
782 690 834 736 de
858 691 895 735 la
918 692 1148 749 perversite'
1162 691 1405 750 he're'tique,
1430 691 1907 736 ceux-cis’adresserent

247 776 429 818 aussitot
452 778 474 818 3
498 779 581 818 tres
607 774 774 819 illustre
796 777 940 833 prince
963 776 1274 835 monseigneur
1298 776 1335 820 16
1359 775 1442 820 duc
1465 776 1517 821 de
1544 778 1803 834 Bourgogne
1822 783 1836 809 7
1865 787 1907 818 6(

248 863 269 902 3
298 858 426 902 noble
453 860 654 916 seigneur
672 860 777 916 Jean
801 859 853 903 de
873 859 1179 917 Luxembourg
1195 861 1226 911 8,
1244 859 1474 914 chevalier,
1495 862 1586 919 qui,
1612 876 1665 904 en
1684 876 1729 904 ce
1748 872 1903 918 temps,

246 944 440 987 tenaient
485 942 613 987 ladite
652 942 812 988 femme
852 959 906 988 en
940 944 1033 989 leur
1072 945 1296 1003 puissance
1337 957 1379 988 et
1417 945 1628 999 autorite3
1672 957 1713 988 et
1750 943 1799 987 ils
1846 943 1907 987 les

244 1028 465 1086 requirent
524 1029 826 1082 instamment,
884 1029 1080 1086 ajoutant
1129 1029 1398 1073 sommation
1449 1044 1552 1072 sous
1607 1028 1754 1086 peines
1804 1028 1905 1085 juri-

246 1111 412 1170 diques,
435 1128 488 1156 au
521 1128 628 1156 nom
655 1111 780 1156 dudit
808 1113 976 1164 victure,
1008 1112 1059 1157 de
1105 1129 1218 1157 nous
1260 1111 1412 1157 rendre
1452 1125 1494 1157 et
1542 1128 1737 1171 envoyer
1777 1098 1907 1156 ladite

248 1195 425 1249 femme,
450 1196 557 1240 ainsi
586 1195 787 1241 diffamee
803 1208 844 1240 et
860 1209 1055 1256 suspecte
1073 1196 1300 1252 d'heresie‚
1323 1213 1496 1242 comme
1518 1201 1539 1241 3
1561 1213 1638 1241 son
1665 1198 1762 1255 juge
1790 1194 1908 1241 ordi-

249 1281 380 1324 naire.

306 1365 430 1408 Nous
452 1367 615 1424 eveque
640 1364 791 1415 susdit‚
826 1381 1000 1409 comme
1023 1366 1053 1410 il
1085 1367 1327 1425 appartient
1354 1369 1377 1409 3
1402 1378 1525 1409 notre
1553 1364 1679 1409 office
1705 1364 1906 1423 pastoral,

246 1448 435 1493 desirant
459 1449 674 1493 travailler
700 1449 752 1494 de
790 1462 936 1494 toutes
962 1466 1041 1495 nos
1071 1450 1210 1494 forces
1247 1453 1269 1494 3
1301 1450 1563 1494 l’exaltation
1585 1462 1626 1493 et
1652 1450 1905 1508 promotion

251 1532 302 1577 de
337 1534 374 1577 la
413 1533 471 1577 foi
506 1533 774 1589 chretienne,
807 1550 943 1578 avons
976 1533 1090 1579 donc
1123 1534 1263 1579 resolu
1304 1533 1355 1578 de
1393 1535 1653 1593 poursuivre
1686 1550 1773 1578 une
1807 1533 1909 1592 legi-

248 1619 353 1662 time
381 1621 565 1677 enquete
598 1635 671 1663 sur
698 1635 765 1663 ces
791 1619 903 1673 faits,
942 1618 1157 1664 d'ailleurs
1186 1620 1219 1664 si
1246 1618 1547 1677 parfaiternent
1580 1617 1823 1676 divulgues,
1868 1630 1911 1661 et

246 1718 417 1746 comme
446 1703 482 1746 le
504 1701 618 1746 droit
645 1716 687 1746 et
714 1702 750 1746 la
775 1703 917 1747 raison
943 1703 980 1747 16
1007 1702 1323 1757 conseillaient,
1355 1702 1406 1747 de
1434 1701 1638 1761 proceder
1659 1718 1760 1746 avec
1777 1704 1901 1745 mure

245 1785 528 1830 deliberation
554 1803 636 1831 aux
661 1799 771 1831 actes
791 1787 1020 1832 ulte'rieurs
1044 1785 1436 1846 quisembleraient
1461 1803 1575 1831 nous
1603 1785 1843 1830 incomber.

307 1871 421 1915 C'est
446 1873 663 1930 pourquoi
689 1887 801 1916 nous
832 1888 967 1916 avons
990 1872 1134 1930 requis
1158 1870 1304 1915 lesdits
1327 1872 1471 1929 prince
1493 1883 1534 1915 et
1557 1871 1775 1928 seigneur,
1802 1885 1906 1914 sous

248 1955 306 1998 les
332 1956 478 2013 peines
503 1953 554 1998 de
576 1954 704 2009 droit,
731 1954 782 1999 de
814 1967 1019 1999 remettre
1041 1958 1062 1998 3
1090 1968 1216 1999 notre
1244 1954 1495 2013 juridiction
1521 1954 1754 2013 spirituelle
1780 1953 1909 1998 ladite

249 2038 411 2083 femme
437 2055 546 2097 pour
573 2041 661 2083 etre
679 2040 829 2097 jugele,
855 2038 906 2083 de
928 2055 1008 2083 son
1031 2041 1142 2093 cote',
1168 2039 1205 2083 le
1224 2043 1306 2083 tres
1327 2040 1598 2083 serenissime
1622 2051 1664 2082 et
1685 2041 1767 2082 ((65
1789 2037 1908 2081 chre-

250 2124 339 2167 tien
377 2124 539 2181 prince,
571 2135 695 2166 notre
742 2124 824 2167 sire
870 2123 908 2166 le
948 2124 1010 2167 roi
1052 2122 1104 2167 de
1144 2124 1304 2167 France
1341 2135 1383 2167 et
1426 2110 1750 2181 d'Angleterre9
1791 2121 1848 2166 les
1886 2137 1909 2165 a

251 2208 393 2266 requis
421 2206 525 2251 dans
560 2223 607 2251 ce
633 2211 776 2251 meme
820 2206 911 2252 but.
947 2207 1074 2251 Enfin
1108 2211 1190 2252 tres
1226 2207 1391 2251 illustre
1416 2208 1631 2265 seigneur,
1670 2207 1707 2250 le
1747 2205 1830 2250 duc
1857 2205 1908 2249 de

250 2292 525 2350 Bourgogne,
558 2304 598 2335 et
627 2290 664 2335 16
683 2292 885 2349 seigneur
905 2292 1011 2348 Jean
1035 2290 1087 2335 de
1107 2291 1419 2350 Luxembourg
1444 2295 1612 2350 pretant
1633 2308 1691 2335 un
1719 2292 1908 2350 acquies-

250 2388 420 2420 cernent
471 2375 602 2418 benin
646 2374 840 2420 auxdites
883 2378 1152 2434 requetesm,
1191 2388 1232 2420 6(
1269 2375 1474 2428 (1651(3111,
1512 2374 1617 2419 (13(15
1653 2374 1765 2419 leurs
1793 2377 1909 2418 311165

249 2459 532 2518 caffloliques,
559 2458 993 2518 l'accomplissement
1015 2458 1169 2503 d'actes
1188 2461 1263 2519 qui
1283 2460 1376 2504 leur
1397 2460 1673 2518 paraissaient
1698 2474 1871 2518 propres
1887 2463 1910 2502 3

247 2544 609 2588 l'accroissement
637 2543 688 2587 de
717 2543 755 2587 13
782 2543 856 2597 foi,
879 2556 957 2587 ont
982 2543 1122 2588 rendu
1143 2558 1183 2587 et
1209 2543 1387 2602 expe'die
1413 2543 1451 2587 13
1472 2542 1558 2587 dite
1584 2543 1743 2586 femme
1771 2559 1823 2586 au
1844 2543 1908 2586 roi

248 2640 373 2673 notre
402 2629 482 2671 sire
514 2639 555 2670 et
592 2631 614 2671 3
657 2644 721 2671 565
761 2628 1094 2671 commissaires.
1143 2628 1322 2672 Ensuite
1364 2643 1406 2671 53
1452 2627 1597 2685 royale
1631 2626 1907 2685 providence,

245 2712 504 2756 enflamrnee
529 2710 587 2755 du
616 2710 728 2755 (1651(
755 2711 806 2756 (16
833 2711 1042 2756 savoriser
1074 2711 1113 2755 13
1146 2710 1205 2755 foi
1234 2710 1493 2762 orthodoxe,
1523 2716 1544 2755 3
1565 2727 1693 2765 nous,
1723 2713 1905 2769 eveque,

249 2813 271 2841 3
311 2796 416 2841 livre
449 2807 555 2840 cette
592 2794 770 2849 femme,
803 2795 890 2839 afin
940 2812 1024 2854 que
1070 2812 1182 2839 nous
1222 2795 1394 2839 fissions
1433 2811 1520 2839 une
1560 2798 1745 2854 enquete
1783 2811 1908 2839 com—

254 2881 364 2940 plete
401 2896 475 2924 sur
505 2895 569 2923 ses
597 2878 692 2922 faits
719 2891 760 2922 6(
796 2878 880 2923 dits
925 2892 1051 2923 avant
1086 2878 1137 2923 de
1173 2878 1377 2937 proceder
1416 2879 1510 2936 plus
1559 2892 1701 2933 avant,
1734 2878 1907 2923 confor—

254 2968 449 3008 me'ment
491 2979 573 3007 aux
624 2963 702 3006 lois
736 2963 1095 3021 ecclesiastiques.
1133 2963 1235 3007 Cela
1257 2963 1345 3018 fait,
1383 2980 1494 3007 nous
1523 2980 1660 3007 avons
1693 2962 1906 3007 demande

252 3054 273 3092 3
310 3047 507 3104 l'insigne
536 3058 577 3090 6(
616 3045 780 3089 celebre
816 3046 1004 3105 chapitre
1040 3045 1091 3090 de
1121 3046 1277 3104 l'e'glise
1309 3046 1361 3090 (16
1391 3048 1562 3100 Rouen,
1596 3046 1823 3090 de'tenteur
1854 3045 1905 3090 de
